@book{silberschatz2018operating,
  title={Operating System Concepts},
  author={Silberschatz, Abraham and Gagne, Greg and Galvin, Peter B.},
  year={2018},
  publisher={Wiley},
  edition={10th}
}

@online{nauer,
    author = {Neso Academy},
    title = {Multilevel Feedback-Queue Scheduling Algorithm},
    year = {2019},
    url = {https://www.youtube.com/watch?v=1KLuC0knvs8},
    urldate = {2025-04-19} % Date Accessed
}

